@inproceedings{Agichtein:2000,
  author    = {E. Agichtein and L. Gravano},
  title     = {Snowball: {E}xtracting relations from large plain-text collections},
  booktitle = {Proceedings of the {F}ifth {ACM} {I}nternational {C}onference on {D}igital {L}ibraries},
  year      = {2000}
}

@inproceedings{Alani:2003,
  author    = {H. Alani and S. Kim and D. Millard and M. Weal and P. Lewis and W. Hall and N. Shadbolt},
  title     = {Automatic {E}xtraction of {K}nowledge from {W}eb {D}ocuments},
  booktitle = {Proceedings of {ISWC} 2003 {W}orkshop on {H}uman {L}anguage {T}echnology for the {S}emantic {W}eb and {W}eb {S}ervices},
  organization = {Semantic Web Science Association},
  year      = {2003}
}

@article{Badulescu:2006,
  author = {A. Badulescu and R. Girju and D. Moldovan},
  title = {Automatic {D}iscovery of {P}art-{W}hole {R}elations},
  journal = {Comput. Linguist.},
  volume = {32},
  number = {1},
  year = {2006},
  issn = {0891-2017},
  pages = {83--135},
  doi = {http://dx.doi.org/10.1162/coli.2006.32.1.83},
  publisher = {MIT Press},
  address = {Cambridge, MA, USA},
}

@inproceedings{Banko:2008,
  author    = {M. Banko and O. Etzioni},
  title     = {The {T}radeoffs {B}etween {O}pen and {T}raditional {R}elation {E}xtraction},
  booktitle = {Proceedings of {ACL} {H}uman {L}anguage {T}echnology ({HLT} 2008)},
  organization = {The Society for Imaging Science and Technology},
  pages     = {23--36},
  year      = {2008}
}

@inproceedings{Banko:2006,
  author = {O. Etzioni and M. Banko and M. J. Cafarella},
  title = {Machine reading},
  booktitle = {{AAAI}'06: {P}roceedings of the 21st national conference on {A}rtificial intelligence},
  year = {2006},
  isbn = {978-1-57735-281-5},
  pages = {1517--1519},
  location = {Boston, Massachusetts},
  publisher = {AAAI Press}
}

@inproceedings{Banko:2007,
  author = {A. Yates and M. Cafarella and M. Banko and O. Etzioni and M. Broadhead and S. Soderland},
  title = {TextRunner: {O}pen information extraction on the web},
  booktitle = {{NAACL} '07: {P}roceedings of {H}uman {L}anguage {T}echnologies: {T}he {A}nnual {C}onference of the {N}orth {A}merican {C}hapter of the {A}ssociation for {C}omputational {L}inguistics: {D}emonstrations on {XX}},
  year = {2007},
  pages = {25--26},
  location = {Rochester, New York},
  publisher = {Association for Computational Linguistics},
  address = {Morristown, NJ, USA},
 }
 
@inproceedings{Berland:1999,
  author = {M. Berland and E. Charniak},
  title = {Finding parts in very large corpora},
  booktitle = {Proceedings of the 37th annual meeting of the {A}ssociation for {C}omputational {L}inguistics on {C}omputational {L}inguistics},
  year = {1999},
  isbn = {1-55860-609-3},
  pages = {57--64},
  location = {College Park, Maryland},
  doi = {http://dx.doi.org/10.3115/1034678.1034697},
  publisher = {Association for Computational Linguistics},
  address = {Morristown, NJ, USA},
}

@unpublished{Cheng:2008,
  author    = {T. Cheng and J. Cua and M. Tan and K. Yao},
  title     = {Information {E}xtraction for {L}egal {D}ocuments},
  year      = {2008}
}

@article{Damay:2007,
  author = {J. Damay and G. Lojico and K. Lu and R. Tarantan and E. Ong},
  title = {Simplifying {T}ext in {M}edical {L}iterature},
  journal = {Journal of {R}esearch in {S}cience, {C}omputing, and {E}ngineering},
  year = {2007},
  pages = {37--48}
}

@inproceedings{Fillmore:1998,
 author = {C. Fillmore and C. Baker and J. Lowe},
 title = {The {B}erkeley {F}rameNet {P}roject},
 booktitle = {Proceedings of the 17th international conference on {C}omputational linguistics},
 year = {1998},
 pages = {86--90},
 location = {Montreal, Quebec, Canada},
 doi = {http://dx.doi.org/10.3115/980845.980860},
 publisher = {Association for Computational Linguistics},
 address = {Morristown, NJ, USA},
 }

@incollection{Gruber:2008,
  author    = {T. Gruber},
  title     = {Ontology},
  booktitle = {Encyclopedia of {D}atabase {S}ystems},
  year      = {2008}
}

@inproceedings{Hearst:1992,
  author    = {M. Hearst},
  title     = {Automatic {A}cquisition of {H}yponyms from {L}arge {T}ext {C}orpora},
  booktitle = {Proceedings of the 14th {I}nternational {C}onference on {C}omputational {L}inguistics},
  pages = {539--545},
  year      = {1992}
}

@inproceedings{Hendrickx:2009,
  author    = {I. Hendrickx and S. N. Kim and Z. Kozareva and P. Nakov and D. Seaghdha and S. Pado and M. Pennacchiotti and L. Romano and S. Szpakowicz},
  title     = {Sem{E}val-2010 {T}ask 8: {M}ulti-{W}ay {C}lassification of {S}emantic {R}elations {B}etween {P}airs of {N}ominals},
  booktitle = {Proceedings of the {W}orkshop on {S}emantic {E}valuations: {R}ecent {A}chievements and {F}uture {D}irections ({SEW}-2009), in conjunction with {NAACL-HLT} 2009},
  pages = {94--99},
  year      = {2009}
}

@inproceedings{Hong:2009,
  author    = {B. Hong and E. Ong},
  title     = {Automatically {E}xtracting {W}ord {R}elationships as {T}emplates for {P}un {G}eneration},
  booktitle = {Proceedings of the {NAACL} {H}uman {L}anguage {T}echnology 2009 {W}orkshop on {C}omputational {A}pproaches to {L}inguistic {C}reativity},
  pages = {24--31},
  year      = {2009}
}

@inproceedings{Kipper:2000,
  author    = {K. Kipper and H. T. Dang and M. Palmer},
  title     = {Class-based construction of a verb lexicon},
  booktitle = {Proceedings of {S}eventeenth {N}ational {C}onference on {A}rtificial {I}ntelligence {AAAI} 2000},
  year      = {2000}
}

@article{Knott:1994,
  author = {A. Knott and R. Dale},
  title = {Using {L}inguistic {P}henomena to {M}otivate a {S}et of {R}hetorical {R}elations},
  journal = {Discourse Processes},
  year = {1994},
  pages = {35--62}
}

@article{Lapata:2002,
  author = {M. Lapata},
  title = {The disambiguation of nominalisations},
  journal = {Computational {L}inguistics},
  year = {2002},
  pages = {357--388}
}

@inproceedings{Lester:2007,
  author    = {J. Lester and J. Rowe and S. McQuiggan},
  title     = {Narrative {P}resence in {I}ntelligent {L}earning {E}nvironments},
  booktitle = {Association for the {A}dvancement of {A}rtificial {I}ntelligence {S}ymposium on {I}ntelligent {N}arrative {T}echnologies 2007},
  pages = {126--133},
  year      = {2007}
}

@inproceedings{Liu:2004a,
  author    = {H. Liu and P. Singh},
  title     = {Commonsense {R}easoning in and over {N}atural {L}anguage},
  booktitle = {Proceedings of the 8th {I}nternational {C}onference on {K}nowledge-{B}ased {I}ntelligent {I}nformation and {E}ngineering {S}ystems},
  pages = {293--306},
  year      = {2004}
}

@article{Liu:2004b,
  author = {H. Liu and P. Singh},
  title = {ConceptNet -- {A} {P}ractical {C}ommonsense {R}easoning {T}ool-{K}it},
  journal = {{BT} Technology Journal},
  year = {2004},
  pages = {211--226}
}

@techreport{Mann:1987,
  author = {W. Mann and S. Thompson},
  title = {Rhetorical {S}tructure {T}heory: {A} {T}heory of {T}ext {O}rganization},
  institution = {University of Southern California, Marina Del Rey, Information Sciences Institute},
  year = {1987}
}

@inproceedings{Mateas:2003,
  author    = {M. Mateas and A. Stern},
  title     = {Façade: {A}n {E}xperiment in {B}uilding a {F}ully-{R}ealized {I}nteractive {D}rama},
  booktitle = {Game {D}evelopers {C}onference, {G}ame {D}esign {t}rack},
  year      = {2003}
}

@inproceedings{Moldovan:2004,
  author    = {D. Moldovan and A. Badulescu and M. Tatu and D. Antohe and R. Girju},
  title     = {Models for the semantic classification of noun phrases},
  booktitle = {Proceedings of the {C}omputational {L}exical {S}emantics {W}orkshop at {HLT-NAACL} 2004},
  pages = {60--67},
  year      = {2004}
}

@inproceedings{Montfort:2009,
  author    = {N. Montfort},
  title     = {Curveship: {A}n {I}nteractive {F}iction {S}ystem for {I}nteractive {N}arrating},
  booktitle = {Proceedings of the {NAACL} {H}uman {L}anguage {T}echnology 2009 {W}orkshop on {C}omputational {A}pproaches to {L}inguistic {C}reativity},
  year      = {2009},
  pages = {55--62}
}

@article{Mueller:1999,
  author = {E. Mueller},
  title = {Prospects for {I}n-{D}epth {S}tory {U}nderstanding by {C}omputer},
  journal = {Journal of Cognitive Systems Research},
  year = {1999},
  pages = {307--340}
}

@inproceedings{Mueller:2003,
  author    = {E. Mueller},
  title     = {Story {U}nderstanding through {M}ulti-{R}epresentation {M}odel},
  booktitle = {Proceedings of the {HLT-NAACL} 2003 {W}orkshop on {T}ext {M}eaning},
  year      = {2003},
  pages = {46--53}
}

@article{Mueller:2007,
  author = {E. Mueller},
  title = {Modelling {S}pace and {T}ime in {N}arratives about {R}estaurants},
  journal = {Literary and Linguistic Computing},
  year = {2007},
  pages = {67--84}
}

@inproceedings{Muslea:1999,
  author    = {I. Muslea},
  title     = {Extraction {P}atterns for {I}nformation {E}xtraction {T}asks: {A} {S}urvey},
  booktitle = {Proceedings {AAAI}-99 {W}orkshop on {M}achine {L}earning for {I}nformation {E}xtraction},
  year      = {1999},
  pages = {46--53}
}

@inproceedings{Nakasone:2006,
  author    = {A. Nakasone and M. Ishizuka},
  title     = {Storytelling {O}ntology {M}odel {U}sing {RST}},
  booktitle = {Proceedings of {IEEE/WIC/ACM} {I}nternational {C}onference on {I}ntelligent {A}gent {T}echnology ({IAT} 2006)},
  year      = {2006},
  pages = {163--169}
}

@inproceedings{Nastase:2003,
  author    = {V. Nastase and S. Szpakowicz},
  title     = {Exploring noun-modifier semantic relations},
  booktitle = {Fifth {I}nternational {W}orkshop on {C}omputational {S}emantics ({IWCS}-5)},
  pages = {285--301},
  year      = {2003}
}

@inproceedings{Niles:2001,
  author    = {I. Niles and A. Pease},
  title     = {Towards a {S}tandard {U}pper {O}ntology},
  booktitle = {Proceedings of the {I}nternational {C}onference on {F}ormal {O}ntology in {I}nformation {S}ystems},
  year      = {2001},
  pages = {2--9}
}

@inproceedings{Riedl:2004,
  author    = {M. Riedl and R. M. Young},
  title     = {A {P}lanning {A}pproach to {S}tory {G}eneration for {H}istory {E}ducation},
  booktitle = {Proceedings of the 3rd {I}nternational {C}onference on {N}arrative and {I}nteractive {L}earning {E}nvironments},
  year      = {2004}
}

@inproceedings{Rosario:2001,
  author    = {B. Rosario and M. Hearst},
  title     = {Classifying the semantic relations in noun-compounds via a domain-specific lexical hierarchy},
  booktitle = {Proceedings of the 2001 {C}onference on {E}mpirical {M}ethods in {N}atural {L}anguage {P}rocessing ({EMNLP}-01)},
  year      = {2001},
  pages = {82--90}
}

@inproceedings{Rosario:2002,
  author    = {B. Rosario and M. Hearst and C. Fillmore},
  title     = {The descent of hierarchy, and selection in relational semantics},
  booktitle = {Proceedings of the 40th {A}nnual {M}eeting of the {A}ssociation for {C}omputational {L}inguistics ({ACL}-02)},
  year      = {2002},
  pages = {417--424}
}

@inproceedings{Singh:2002,
  author    = {P. Singh and T. Lin and E. Mueller and G. Lim and T. Perkins and W. L. Zhu},
  title     = {Open {M}ind {C}ommon {S}ense: {K}nowledge {A}cquisition from the {G}eneral {P}ublic},
  booktitle = {ODBASE02},
  organization = {LNCS},
  year      = {2002}
}

@inproceedings{Solis:2009,
  author    = {C. Solis and J. T. Siy and E. Tabirao and E. Ong},
  title     = {Planning {A}uthor and {C}haracter {G}oals for {S}tory {G}eneration},
  booktitle = {Proceedings of the {NAACL} {H}uman {L}anguage {T}echnology 2009 {W}orkshop on {C}omputational {A}pproaches to {L}inguistic {C}reativity},
  year      = {2009}
}

@inproceedings{Young:2008,
  author    = {R. M. Young},
  title     = {Computational {C}reativity in {N}arrative {G}eneration: {U}tility and {N}ovelty {B}ased on {M}odels on {S}tory {C}omprehension},
  booktitle = {Proceedings of the {A}ssociation for the {A}dvancement of {A}rtificial {I}ntelligence 2008 {S}print {S}ymposium},
  year      = {2008}
}